@article{sugihara2012detecting,
  title={Detecting causality in complex ecosystems},
  author={Sugihara, George and May, Robert and Ye, Hao and Hsieh, Chih-hao and Deyle, Ethan and Fogarty, Michael and Munch, Stephan},
  journal={science},
  volume={338},
  number={6106},
  pages={496--500},
  year={2012},
  publisher={American Association for the Advancement of Science}
}

@inproceedings{szepesvari2007manifold,
  title={Manifold-adaptive dimension estimation},
  author={Szepesv{\'a}ri, Csaba and Audibert, Jean-Yves and others},
  booktitle={Proceedings of the 24th international conference on Machine learning},
  pages={265--272},
  year={2007},
  organization={ACM}
}

@article{wagner1999causality,
  title={Causality in complex systems},
  author={Wagner, Andreas},
  journal={Biology and Philosophy},
  volume={14},
  number={1},
  pages={83--101},
  year={1999},
  publisher={Springer}
}

@article{lusch2016inferring,
  title={Inferring connectivity in networked dynamical systems: Challenges using Granger causality},
  author={Lusch, Bethany and Maia, Pedro D and Kutz, J Nathan},
  journal={Physical Review E},
  volume={94},
  number={3},
  pages={032220},
  year={2016},
  publisher={APS}
}

@article{wood2015lesson,
  title={The lesson of causal discovery algorithms for quantum correlations: Causal explanations of Bell-inequality violations require fine-tuning},
  author={Wood, Christopher J and Spekkens, Robert W},
  journal={New Journal of Physics},
  volume={17},
  number={3},
  pages={033002},
  year={2015},
  publisher={IOP Publishing}
}

@article{granger1988some,
  title={Some recent development in a concept of causality},
  author={Granger, Clive WJ},
  journal={Journal of econometrics},
  volume={39},
  number={1-2},
  pages={199--211},
  year={1988},
  publisher={Elsevier}
}

@article{harnack2017topological,
  title={Topological causality in dynamical systems},
  author={Harnack, Daniel and Laminski, Erik and Sch{\"u}nemann, Maik and Pawelzik, Klaus Richard},
  journal={Physical review letters},
  volume={119},
  number={9},
  pages={098301},
  year={2017},
  publisher={APS}
}

@inproceedings{poole2013cyclic,
  title={Cyclic causal models with discrete variables: Markov chain equilibrium semantics and sample ordering},
  author={Poole, David and Crowley, Mark},
  booktitle={Twenty-Third International Joint Conference on Artificial Intelligence},
  year={2013}
}

@article{bollt2018introduction,
  title={Introduction to Focus Issue: Causation inference and information flow in dynamical systems: Theory and applications},
  author={Bollt, Erik M and Sun, Jie and Runge, Jakob},
  journal={Chaos: An Interdisciplinary Journal of Nonlinear Science},
  volume={28},
  number={7},
  pages={075201},
  year={2018},
  publisher={AIP Publishing}
}

@article{breuer2004genuine,
  title={Genuine quantum trajectories for non-Markovian processes},
  author={Breuer, Heinz-Peter},
  journal={Physical Review A},
  volume={70},
  number={1},
  pages={012106},
  year={2004},
  publisher={APS}
}

@inproceedings{white2011linking,
  title={Linking granger causality and the pearl causal model with settable systems},
  author={White, Halbert and Chalak, Karim and Lu, Xun},
  booktitle={NIPS Mini-Symposium on Causality in Time Series},
  pages={1--29},
  year={2011}
}

@article{ye2015distinguishing,
  title={Distinguishing time-delayed causal interactions using convergent cross mapping},
  author={Ye, Hao and Deyle, Ethan R and Gilarranz, Luis J and Sugihara, George},
  journal={Scientific reports},
  volume={5},
  pages={14750},
  year={2015},
  publisher={Nature Publishing Group}
}

@article{allen2017quantum,
  title={Quantum common causes and quantum causal models},
  author={Allen, John-Mark A and Barrett, Jonathan and Horsman, Dominic C and Lee, Ciar{\'a}n M and Spekkens, Robert W},
  journal={Physical Review X},
  volume={7},
  number={3},
  pages={031021},
  year={2017},
  publisher={APS}
}

@article{pearl2009causal,
  title={Causal inference in statistics: An overview},
  author={Pearl, Judea and others},
  journal={Statistics surveys},
  volume={3},
  pages={96--146},
  year={2009},
  publisher={The author, under a Creative Commons Attribution License}
}

@book{pearl2000causality,
  title={Causality: models, reasoning and inference},
  author={Pearl, Judea},
  volume={29},
  year={2000},
  publisher={Springer}
}

@article{stephan2010ten,
  title={Ten simple rules for dynamic causal modeling},
  author={Stephan, Klaas Enno and Penny, Will D and Moran, Rosalyn J and den Ouden, Hanneke EM and Daunizeau, Jean and Friston, Karl J},
  journal={Neuroimage},
  volume={49},
  number={4},
  pages={3099--3109},
  year={2010},
  publisher={Elsevier}
}

@article{friston2014granger,
  title={Granger causality revisited},
  author={Friston, Karl J and Bastos, Andr{\'e} M and Oswal, Ashwini and van Wijk, Bernadette and Richter, Craig and Litvak, Vladimir},
  journal={NeuroImage},
  volume={101},
  pages={796--808},
  year={2014},
  publisher={Elsevier}
}

@article{barnett2014mvgc,
  title={The MVGC multivariate Granger causality toolbox: a new approach to Granger-causal inference},
  author={Barnett, Lionel and Seth, Anil K},
  journal={Journal of neuroscience methods},
  volume={223},
  pages={50--68},
  year={2014},
  publisher={Elsevier}
}

@article{packard1980geometry,
  title={Geometry from a time series},
  author={Packard, Norman H and Crutchfield, James P and Farmer, J Doyne and Shaw, Robert S},
  journal={Physical review letters},
  volume={45},
  number={9},
  pages={712},
  year={1980},
  publisher={APS}
}

@article{rubenstein2016deterministic,
  title={From deterministic ODEs to dynamic structural causal models},
  author={Rubenstein, Paul K and Bongers, Stephan and Sch{\"o}lkopf, Bernhard and Mooij, Joris M},
  journal={arXiv preprint arXiv:1608.08028},
  year={2016}
}

@incollection{spekkens2015paradigm,
  title={The paradigm of kinematics and dynamics must yield to causal structure},
  author={Spekkens, Robert W},
  booktitle={Questioning the Foundations of Physics},
  pages={5--16},
  year={2015},
  publisher={Springer}
}

@inproceedings{mogensen2018causal,
  title={Causal Learning for Partially Observed Stochastic Dynamical Systems.},
  author={Mogensen, S{\o}ren Wengel and Malinsky, Daniel and Hansen, Niels Richard},
  booktitle={UAI},
  pages={350--360},
  year={2018}
}

@inproceedings{blom2019beyond,
  title={Beyond Structural Causal Models: Causal Constraints Models},
  author={Blom, Tineke and Bongers, Stephan and Mooij, Joris M},
  booktitle={Proceedings of the Conference on Uncertainty in Artificial Intelligence},
  year={2019}
}

@article{penny2004comparing,
  title={Comparing dynamic causal models},
  author={Penny, Will D and Stephan, Klaas E and Mechelli, Andrea and Friston, Karl J},
  journal={Neuroimage},
  volume={22},
  number={3},
  pages={1157--1172},
  year={2004},
  publisher={Elsevier}
}

@article{benkHo2018exact,
  title={Exact Inference of Causal Relations in Dynamical Systems},
  author={Benk{\H{o}}, Zsigmond and Zlatniczki, Ad{\'a}m and Fab{\'o}, D{\'a}niel and S{\'o}lyom, Andr{\'a}s and Er{\H{o}}ss, Lor{\'a}nd and Telcs, Andr{\'a}s and Somogyv{\'a}ri, Zolt{\'a}n},
  journal={arXiv preprint arXiv:1808.10806},
  year={2018}
}

@incollection{milnor1985concept,
  title={On the concept of attractor},
  author={Milnor, John},
  booktitle={The theory of chaotic attractors},
  pages={243--264},
  year={1985},
  publisher={Springer}
}

@article{lorenz1963deterministic,
  title={Deterministic nonperiodic flow},
  author={Lorenz, Edward N},
  journal={Journal of the atmospheric sciences},
  volume={20},
  number={2},
  pages={130--141},
  year={1963}
}

@article{ruelle1971nature,
  title={On the nature of turbulence},
  author={Ruelle, David and Takens, Floris},
  journal={Les rencontres physiciens-math{\'e}maticiens de Strasbourg-RCP25},
  volume={12},
  pages={1--44},
  year={1971}
}

@article{gollub1975onset,
  title={Onset of turbulence in a rotating fluid},
  author={Gollub, Jerry P and Swinney, Harry L},
  journal={Physical Review Letters},
  volume={35},
  number={14},
  pages={927},
  year={1975},
  publisher={APS}
}

@incollection{takens1981detecting,
  title={Detecting strange attractors in turbulence},
  author={Takens, Floris},
  booktitle={Dynamical systems and turbulence, Warwick 1980},
  pages={366--381},
  year={1981},
  publisher={Springer}
}

@article{rossler1976equation,
  title={An equation for continuous chaos},
  author={R{\"o}ssler, Otto E},
  journal={Physics Letters A},
  volume={57},
  number={5},
  pages={397--398},
  year={1976},
  publisher={Elsevier}
} 

@article{tucker2002rigorous,
  title={A rigorous ODE solver and Smaleâ€™s 14th problem},
  author={Tucker, Warwick},
  journal={Foundations of Computational Mathematics},
  volume={2},
  number={1},
  pages={53--117},
  year={2002},
  publisher={Springer}
}

@inproceedings{arbach2015dynamic,
  title={Dynamic causality in event structures},
  author={Arbach, Youssef and Karcher, David and Peters, Kirstin and Nestmann, Uwe},
  booktitle={International Conference on Formal Techniques for Distributed Objects, Components, and Systems},
  pages={83--97},
  year={2015},
  organization={Springer}
}

@article{sauer1991embedology,
  title={Embedology},
  author={Sauer, Tim and Yorke, James A and Casdagli, Martin},
  journal={Journal of statistical Physics},
  volume={65},
  number={3-4},
  pages={579--616},
  year={1991},
  publisher={Springer}
}
